<record><leader>00000cas a22000007a 4500</leader><controlfield tag="001">14175354</controlfield><controlfield tag="008">860903d1uuu1916txuwr ne      0    0eng d</controlfield><datafield ind1=" " ind2=" " tag="010"><subfield code="a">sn 86088730 </subfield></datafield><datafield ind1=" " ind2=" " tag="040"><subfield code="a">PPM</subfield><subfield code="b">eng</subfield><subfield code="c">PPM</subfield><subfield code="d">OCLCQ</subfield></datafield><datafield ind1=" " ind2=" " tag="042"><subfield code="a">msc</subfield></datafield><datafield ind1="0" ind2="4" tag="245"><subfield code="a">The Dublin weekly telephone.</subfield></datafield><datafield ind1=" " ind2=" " tag="260"><subfield code="a">Dublin, Tex. :</subfield><subfield code="b">W.C. Huchinson</subfield></datafield><datafield ind1=" " ind2=" " tag="300"><subfield code="a">v. :</subfield><subfield code="b">ill.</subfield></datafield><datafield ind1=" " ind2=" " tag="310"><subfield code="a">Weekly</subfield></datafield><datafield ind1="1" ind2=" " tag="362"><subfield code="a">Ceased in 1916?</subfield></datafield><datafield ind1=" " ind2=" " tag="580"><subfield code="a">Merged with: Dublin progress, to form: Dublin progress and telephone.</subfield></datafield><datafield ind1=" " ind2=" " tag="588"><subfield code="a">Description based on: Vol. 28, no. 42 (May 9, 1913).</subfield></datafield><datafield ind1=" " ind2=" " tag="752"><subfield code="a">United States</subfield><subfield code="b">Texas</subfield><subfield code="c">Erath</subfield><subfield code="d">Dublin.</subfield></datafield><datafield ind1="0" ind2="0" tag="780"><subfield code="t">Dublin telephone</subfield></datafield><datafield ind1="1" ind2="7" tag="785"><subfield code="t">Dublin progress</subfield></datafield><datafield ind1="1" ind2="7" tag="785"><subfield code="t">Dublin progress and telephone</subfield></datafield></record>